@phdthesis{homenc,
     author = {Craig Gentry},
     title = {A fully homomorphic encryption scheme},
     school = {Stanford University},
     year = 2009,
     note = {\url{crypto.stanford.edu/craig}}
}
@misc{cryptoeprint:2009:571,
    author = {N.P. Smart and F. Vercauteren},
    title = {Fully Homomorphic Encryption with Relatively Small Key and Ciphertext Sizes},
    howpublished = {Cryptology ePrint Archive, Report 2009/571},
    year = {2009},
    note = {\url{http://eprint.iacr.org/}},
}

@inproceedings{rivest78,
    author = {Rivest, R. and Adleman, L. and Dertouzos, M.},
    citeulike-article-id = {3877157},
    journal = {Foundations of Secure Computation},
    keywords = {homomorphic\_cryptosystem},
    pages = {169--177},
    posted-at = {2009-01-12 12:37:28},
    priority = {1},
    publisher = {Academic Press},
    title = {On data banks and
privacy homomorphisms},
    year = {1978}
}

@ARTICLE{Rivest78amethod,
    author = {R.L. Rivest and A. Shamir and L. Adleman},
    title = {A Method for Obtaining Digital Signatures and Public-Key Cryptosystems},
    journal = {Communications of the ACM},
    year = {1978},
    volume = {21},
    pages = {120--126}
}

@misc{cryptoeprint:2011:277,
    author = {Zvika Brakerski and Craig Gentry and Vinod Vaikuntanathan},
    title = {Fully Homomorphic Encryption without Bootstrapping},
    howpublished = {Cryptology ePrint Archive, Report 2011/277},
    year = {2011},
    note = {\url{http://eprint.iacr.org/}},
}
